%% This BibTeX bibliography file was created using BibDesk.
%% http://bibdesk.sourceforge.net/


%% Created for Aris Paphitis at 2015-01-24 14:36:06 +0200 


%% Saved with string encoding Unicode (UTF-8) 



@article{bowman:reasoning,
	Author = {Mic Bowman and Saumya K. Debray and Larry L. Peterson},
	Journal = {ACM Trans. Program. Lang. Syst.},
	Month = {November},
	Number = {5},
	Pages = {795-825},
	Title = {Reasoning About Naming Systems},
	Volume = {15},
	Year = {1993}}

@article{Diffie1976,
	Author = {Johannes Braams},
	Date-Modified = {2015-01-24 12:36:04 +0000},
	Journal = {TUGboat},
	Month = {June},
	Number = {2},
	Pages = {291-301},
	Title = {Babel, a Multilingual Style-Option System for Use with LaTeX's Standard Document Styles},
	Volume = {12},
	Year = {1991}}

@inproceedings{clark:pct,
	Author = {Malcolm Clark},
	Booktitle = {TeX90 Conference Proceedings},
	Month = {March},
	Organization = {TeX Users Group},
	Pages = {84-89},
	Title = {Post Congress Tristesse},
	Year = {1991}}

@article{Chaum1981,
	Author = {Maurice Herlihy},
	Date-Modified = {2015-01-24 12:35:51 +0000},
	Journal = {ACM Trans. Program. Lang. Syst.},
	Month = {November},
	Number = {5},
	Pages = {745-770},
	Title = {A Methodology for Implementing Highly Concurrent Data Objects},
	Volume = {15},
	Year = {1993}}

@book{Lamport:LaTeX,
	Address = {Reading, Massachusetts},
	Author = {Leslie Lamport},
	Publisher = {Addison-Wesley Publishing Company},
	Title = {LaTeX User's Guide and Document Reference Manual},
	Year = {1986}}

@book{salas:calculus,
	Address = {New York},
	Author = {S.L. Salas and Einar Hille},
	Publisher = {John Wiley and Sons},
	Title = {Calculus: One and Several Variable},
	Year = {1978}}
